<?xml version="1.0" encoding="UTF-8"?><collection xmlns="http://www.loc.gov/MARC21/slim"><record><leader>00433nam--2200133-i-4500</leader><controlfield tag="001">000004685</controlfield><controlfield tag="002">20161230</controlfield><controlfield tag="005">20161230201026</controlfield><controlfield tag="008">060222s1000------------r-----000-0-eng-d</controlfield><datafield ind1=" " ind2=" " tag="100"><subfield code="a">Baptista, A.M., Clode, W. E Sobral, J.Vidal</subfield></datafield><datafield ind1=" " ind2=" " tag="245"><subfield code="a">Interferencia do bromo no metabolismo di iodo na tiroideia de ratos</subfield></datafield><datafield ind1=" " ind2=" " tag="260"><subfield code="a">Coimbra, Comissao De Estudos Da Energia Nucle Are, 1959. 24 P</subfield></datafield><datafield ind1=" " ind2=" " tag="490"><subfield code="a">A Medicina Contemporanea</subfield></datafield><datafield ind1=" " ind2=" " tag="852"><subfield code="a">6369</subfield></datafield></record></collection>